<record><leader>00000cas a22000007a 4500</leader><controlfield tag="001">32573531</controlfield><controlfield tag="008">950531d18771885mauwr ne      0    0eng d</controlfield><datafield ind1=" " ind2=" " tag="010"><subfield code="a">sn 95072025 </subfield></datafield><datafield ind1=" " ind2=" " tag="040"><subfield code="a">NVJ</subfield><subfield code="b">eng</subfield><subfield code="c">NVJ</subfield><subfield code="d">MGN</subfield><subfield code="d">OCLCQ</subfield></datafield><datafield ind1=" " ind2=" " tag="042"><subfield code="a">msc</subfield></datafield><datafield ind1="0" ind2=" " tag="130"><subfield code="a">Times (Marlborough, Mass.)</subfield></datafield><datafield ind1="1" ind2="4" tag="245"><subfield code="a">The times.</subfield></datafield><datafield ind1=" " ind2=" " tag="260"><subfield code="a">Marlborough, Mass. :</subfield><subfield code="b">Times Pub. Co.</subfield></datafield><datafield ind1=" " ind2=" " tag="300"><subfield code="a">v.</subfield></datafield><datafield ind1=" " ind2=" " tag="310"><subfield code="a">Weekly</subfield></datafield><datafield ind1="0" ind2=" " tag="362"><subfield code="a">Vol. 1, no. 1 (Apr. 12, 1877)-v. 9, no. 23 (Sept. 24, 1885).</subfield></datafield><datafield ind1=" " ind2=" " tag="500"><subfield code="a">Editor: C.F. Morse, &lt;1882&gt;-1885.</subfield></datafield><datafield ind1=" " ind2=" " tag="752"><subfield code="a">United States</subfield><subfield code="b">Massachusetts</subfield><subfield code="c">Middlesex</subfield><subfield code="d">Marlborough.</subfield></datafield><datafield ind1="0" ind2="0" tag="785"><subfield code="t">Marlboro times (Marlborough, Mass.)</subfield><subfield code="w">(DLC)sn 95068826</subfield></datafield></record>